<collection xmlns="http://www.loc.gov/MARC21/slim">
   <record>
      <leader>04137pam a2200553 i 4500</leader>
      <controlfield tag="001">6815451</controlfield>
      <controlfield tag="003">OCoLC</controlfield>
      <controlfield tag="005">20150220114029.0</controlfield>
      <controlfield tag="008">140812s2015    enka     b    001 0 eng  </controlfield>
      <datafield ind1=" " ind2=" " tag="010">
         <subfield code="a">  2014013339</subfield>
      </datafield>
      <datafield ind1=" " ind2=" " tag="015">
         <subfield code="a">GBB4A8304</subfield>
         <subfield code="2">bnb</subfield>
      </datafield>
      <datafield ind1=" " ind2=" " tag="015">
         <subfield code="a">GBB4B4482</subfield>
         <subfield code="2">bnb</subfield>
      </datafield>
      <datafield ind1="7" ind2=" " tag="016">
         <subfield code="a">016887390</subfield>
         <subfield code="2">Uk</subfield>
      </datafield>
      <datafield ind1="7" ind2=" " tag="016">
         <subfield code="a">016891711</subfield>
         <subfield code="2">Uk</subfield>
      </datafield>
      <datafield ind1=" " ind2=" " tag="020">
         <subfield code="a">9781138796058 (hardback)</subfield>
      </datafield>
      <datafield ind1=" " ind2=" " tag="020">
         <subfield code="a">1138796050 (hardback)</subfield>
      </datafield>
      <datafield ind1=" " ind2=" " tag="020">
         <subfield code="z">9781315758091 (ebook)</subfield>
      </datafield>
      <datafield ind1=" " ind2=" " tag="020">
         <subfield code="z">1315758091 (ebook)</subfield>
      </datafield>
      <datafield ind1=" " ind2=" " tag="035">
         <subfield code="a">ocn878024170</subfield>
      </datafield>
      <datafield ind1=" " ind2=" " tag="040">
         <subfield code="a">DLC</subfield>
         <subfield code="b">eng</subfield>
         <subfield code="e">rda</subfield>
         <subfield code="c">DLC</subfield>
         <subfield code="d">YDXCP</subfield>
         <subfield code="d">BTCTA</subfield>
         <subfield code="d">OCLCO</subfield>
         <subfield code="d">BDX</subfield>
         <subfield code="d">UKMGB</subfield>
         <subfield code="d">NKM</subfield>
         <subfield code="d">OCLCF</subfield>
         <subfield code="d">CDX</subfield>
         <subfield code="d">UAB</subfield>
         <subfield code="d">AEU</subfield>
      </datafield>
      <datafield ind1=" " ind2=" " tag="042">
         <subfield code="a">pcc</subfield>
      </datafield>
      <datafield ind1=" " ind2=" " tag="043">
         <subfield code="a">e------</subfield>
         <subfield code="a">e-uk-en</subfield>
         <subfield code="a">e-sw---</subfield>
         <subfield code="a">e-uk-st</subfield>
      </datafield>
      <datafield ind1="0" ind2="0" tag="050">
         <subfield code="a">LB2900</subfield>
         <subfield code="b">.G68 2015</subfield>
      </datafield>
      <datafield ind1="0" ind2="0" tag="082">
         <subfield code="a">371.2094</subfield>
         <subfield code="2">23</subfield>
      </datafield>
      <datafield ind1=" " ind2=" " tag="084">
         <subfield code="a">EDU000000</subfield>
         <subfield code="a">EDU034000</subfield>
         <subfield code="a">EDU043000</subfield>
         <subfield code="2">bisacsh</subfield>
      </datafield>
      <datafield ind1=" " ind2=" " tag="090">
         <subfield code="a">LB 2900 G68 2015</subfield>
         <subfield code="b">AEU</subfield>
      </datafield>
      <datafield ind1="0" ind2="0" tag="245">
         <subfield code="a">Governing by inspection /</subfield>
         <subfield code="c">edited by Sotiria Grek and Joakim Lindgren.</subfield>
      </datafield>
      <datafield ind1=" " ind2="1" tag="264">
         <subfield code="a">London ;</subfield>
         <subfield code="a">New York :</subfield>
         <subfield code="b">Routledge, Taylor &amp; Francis Group,</subfield>
         <subfield code="c">2015.</subfield>
      </datafield>
      <datafield ind1=" " ind2=" " tag="300">
         <subfield code="a">ix, 195 pages :</subfield>
         <subfield code="b">illustration ;</subfield>
         <subfield code="c">24 cm.</subfield>
      </datafield>
      <datafield ind1=" " ind2=" " tag="336">
         <subfield code="a">text</subfield>
         <subfield code="2">rdacontent</subfield>
         <subfield code="0">http://id.loc.gov/vocabulary/contentTypes/txt</subfield>
      </datafield>
      <datafield ind1=" " ind2=" " tag="337">
         <subfield code="a">unmediated</subfield>
         <subfield code="2">rdamedia</subfield>
         <subfield code="0">http://id.loc.gov/vocabulary/mediaTypes/n</subfield>
      </datafield>
      <datafield ind1=" " ind2=" " tag="338">
         <subfield code="a">volume</subfield>
         <subfield code="2">rdacarrier</subfield>
         <subfield code="0">http://id.loc.gov/vocabulary/carriers/nc</subfield>
      </datafield>
      <datafield ind1="1" ind2=" " tag="490">
         <subfield code="a">Studies in European education series</subfield>
      </datafield>
      <datafield ind1=" " ind2=" " tag="504">
         <subfield code="a">Includes bibliographical references and index.</subfield>
      </datafield>
      <datafield ind1=" " ind2=" " tag="520">
         <subfield code="a">"In recent decades, governing practices in education have become highly contradictory: deregulation and decentralisation are accompanied by re-regulation and increased centralisation, contributing to considerable governing tensions in and across different national systems and within the emergent European education policy space. On the one hand there is the persistence of performance monitoring through target-setting, indicators and benchmarks, and on the other, the promotion of self-evaluation and 'light touch' regulation that express a 'softer' governance turn, and promote self-regulation as the best basis for constant improvement. Drawing on research undertaken into three national systems, this edited volume explores the attempts to manage these tensions in Europe through the development of inspection as a governing practice. Inspectorates and inspectors offer key locations for the exploration of governing tensions, positioned as they are between the international, the national, and the local and institutional, and with responsibility for both regulation and development. All three national systems offer contrasting approaches to inspection, all of which have changed considerably in recent years. Governing by Inspection positions inspection in the framework of changing education policy and politics, and in a period of intensive policy development and exchange in Europe. It will be key reading for academics, researchers and postgraduate students in the fields of education, political science and social policy"--</subfield>
         <subfield code="c">Provided by publisher.</subfield>
      </datafield>
      <datafield ind1=" " ind2=" " tag="596">
         <subfield code="a">41</subfield>
      </datafield>
      <datafield ind1=" " ind2="0" tag="650">
         <subfield code="a">School management and organization</subfield>
         <subfield code="z">Europe.</subfield>
      </datafield>
      <datafield ind1=" " ind2="0" tag="650">
         <subfield code="a">Education and state</subfield>
         <subfield code="z">Europe.</subfield>
         <subfield code="0">http://id.loc.gov/authorities/subjects/sh2008118787</subfield>
      </datafield>
      <datafield ind1=" " ind2="0" tag="650">
         <subfield code="a">Comparative education.</subfield>
         <subfield code="0">http://id.loc.gov/authorities/subjects/sh85029297</subfield>
      </datafield>
      <datafield ind1=" " ind2="0" tag="650">
         <subfield code="a">School management and organization</subfield>
         <subfield code="z">England.</subfield>
         <subfield code="0">http://id.loc.gov/authorities/subjects/sh2010112092</subfield>
      </datafield>
      <datafield ind1=" " ind2="0" tag="650">
         <subfield code="a">School management and organization</subfield>
         <subfield code="z">Sweden.</subfield>
         <subfield code="0">http://id.loc.gov/authorities/subjects/sh2010112114</subfield>
      </datafield>
      <datafield ind1=" " ind2="0" tag="650">
         <subfield code="a">School management and organization</subfield>
         <subfield code="z">Scotland.</subfield>
      </datafield>
      <datafield ind1="1" ind2=" " tag="700">
         <subfield code="a">Grek, Sotiria.</subfield>
         <subfield code="0">http://id.loc.gov/authorities/names/no2012071663</subfield>
         <subfield code="0">http://viaf.org/viaf/250361429</subfield>
      </datafield>
      <datafield ind1="1" ind2=" " tag="700">
         <subfield code="a">Lindgren, Joakim.</subfield>
         <subfield code="0">http://id.loc.gov/authorities/names/no2015128798</subfield>
         <subfield code="0">http://viaf.org/viaf/120154014</subfield>
      </datafield>
      <datafield ind1=" " ind2=" " tag="758">
         <subfield code="0">http://worldcat.org/entity/work/id/23906661</subfield>
      </datafield>
      <datafield ind1="0" ind2=" " tag="787">
         <subfield code="n">OCLC Work Id</subfield>
         <subfield code="o">http://worldcat.org/entity/work/id/23906661</subfield>
      </datafield>
      <datafield ind1=" " ind2="0" tag="830">
         <subfield code="a">Studies in European education series.</subfield>
         <subfield code="0">http://id.loc.gov/authorities/names/no2015024992</subfield>
      </datafield>
      <datafield ind1=" " ind2=" " tag="949">
         <subfield code="a">LB 2900 G68 2015</subfield>
         <subfield code="h">UAED-B</subfield>
         <subfield code="i">0162035248903</subfield>
      </datafield>
      <datafield ind1=" " ind2=" " tag="926">
         <subfield code="a">LB 2900 G68 2015</subfield>
         <subfield code="w">LC</subfield>
         <subfield code="c">1</subfield>
         <subfield code="i">0162035248903</subfield>
         <subfield code="l">FLOOR_2</subfield>
         <subfield code="m">UAEDUC</subfield>
         <subfield code="p">$150.00</subfield>
         <subfield code="r">Y</subfield>
         <subfield code="s">Y</subfield>
         <subfield code="t">BOOK</subfield>
         <subfield code="u">3/4/2015</subfield>
      </datafield>
   </record>
</collection>
